@article{eskandari2021fire,
  title={Fire of Iranian forests, consequences, opposition methods and solutions},
  author={Eskandari, Saeedeh},
  journal={Human \& Environment},
  volume={19},
  number={1},
  pages={175--187},
  year={2021},
  publisher={Iranian Society Of Environmentalists (IRSEN)}
}

@MISC{NoahWardrip,
  AUTHOR =      {Noah Wardrip-Fruin},
  TITLE =        {How Pac-Man Revolutionized Gaming},
  HOWPUBLISHED =    {\href{https://thereader.mitpress.mit.edu/how-pac-man-revolutionized-gaming/}},
  YEAR =         {2023}
  }


